<?xml version="1.0" encoding="UTF-8"?><collection xmlns="http://www.loc.gov/MARC21/slim"><record><leader>00518nam--2200133-i-4500</leader><controlfield tag="001">000028955</controlfield><controlfield tag="002">20161230</controlfield><controlfield tag="005">20161230201037</controlfield><controlfield tag="008">060222s1000------------r-----000-0-eng-d</controlfield><datafield ind1=" " ind2=" " tag="080"><subfield code="a">015:541.5:547</subfield></datafield><datafield ind1=" " ind2=" " tag="100"><subfield code="a">Labarbe, Pierre</subfield></datafield><datafield ind1=" " ind2=" " tag="245"><subfield code="a">Champs de force de valence et coordonnees normales des molecules gem-dymethylees de la colone vi b et de leurs composes d`addition avec le trifluorure de bore.these</subfield></datafield><datafield ind1=" " ind2=" " tag="260"><subfield code="a">Bordeaux, La Faculte Des Sciences De L`Universite De Bordeaux I, 1971. 118p. + 5 P. Dif</subfield></datafield><datafield ind1=" " ind2=" " tag="852"><subfield code="a">38219</subfield></datafield></record></collection>